%% This BibTeX bibliography file was created using BibDesk.
%% http://bibdesk.sourceforge.net/


%% Created for Lauro Cesar Araujo at 2015-04-27 19:43:45 -0300 


%% Saved with string encoding Unicode (UTF-8) 


@book{Haskell98,
  added-at = {2008-01-15T20:00:13.000+0100},
  biburl = {https://www.bibsonomy.org/bibtex/274578ea79af534c544b545401a50d6e5/thau},
  description = {This report defines the syntax for Haskell programs and an informal abstract semantics for the meaning of such programs.},
  editor = {Jones, Simon Peyton},
  howpublished = {PDF},
  interhash = {bdf24915989dc1673ad9244c4d593b37},
  intrahash = {74578ea79af534c544b545401a50d6e5},
  keywords = {functional-programming haskell},
  month = {September},
  pages = 277,
  publisher = {http://haskell.org/},
  timestamp = {2008-01-15T20:00:13.000+0100},
  title = {Haskell 98 Language and Libraries: The Revised Report},
  type = {Language Definition},
  url = {http://haskell.org/definition/haskell98-report.pdf},
  year = 2002
}
