%% This BibTeX bibliography file was created using BibDesk.
%% http://bibdesk.sourceforge.net/


%% Created for Lauro Cesar Araujo at 2015-04-27 19:43:45 -0300 


%% Saved with string encoding Unicode (UTF-8) 

@book{Cormen:2009:IAT:1614191,
    author = {Cormen, Thomas H. and Leiserson, Charles E. and Rivest, Ronald L. and Stein, Clifford},
    title = {Introduction to Algorithms, Third Edition},
    year = {2009},
    isbn = {0262033844, 9780262033848},
    edition = {3rd},
    publisher = {The MIT Press},
}

@STANDARD {BNFCM,
    title        = "BNF Grammar for C-Minus",
    organization = "Sierra Nevada College",
    institution  = "Department of Science and Technology",
    author       = "Bary W Pollack",
    year         = "2011",
    month        = "sep",
    url          = "http://www.csci-snc.com/ExamplesX/C-Syntax.pdf",
    note         = "PDF of interest (and aid) to students who are learning about Compiler Construction."
}

@book{Kernighan:1988:CPL:576122,
    author = {Kernighan, Brian W.},
    editor = {Ritchie, Dennis M.},
    title = {The  C Programming Language},
    year = {1988},
    isbn = {0131103709},
    edition = {2nd},
    publisher = {Prentice Hall Professional Technical Reference},
}

@misc{westes:flex,
    title = {Flex},
    note = {The fast lexical analyzer generator},
    url = {https://github.com/westes/flex},
    journal = {GitHub},
    year = {2019},
    month = {Jun}
}

@misc{unb-translator-mikael,
    title = {unb-translators},
    author = {Mikael Mello},
    note = {Repository for the Translators class from University of Brasília, 2019/2},
    url = {https://github.com/mikaelmello/unb-translators},
    journal = {GitHub},
    year = {2019},
    month = {Jun}
}

@misc{Lucas1993,
    author = {Lucas Amaral},
    title = {Tradutores},
    year = {2015},
    publisher = {GitHub},
    journal = {GitHub repository},
    howpublished = {\url{https://github.com/Lucas1993/Tradutores/}},
    commit = {b67f7a80e7ead053c69144bc52b7326d2a157c7b}
}

@online{youtube,
    title = {Parser and Lexer — How to Create a Compiler part 1/5 — Converting text into an Abstract Syntax Tree},
    organization = {Youtube},
    date = {2018},
    author = {Bisqwit},
    url = {https://www.youtube.com/watch?v=eF9qWbuQLuw},
}
